%% NOTE: \LaTeX's comment character `%' is not a comment character in
%% the database files.  \BibTeX allows in the database files any
%% comment that's not within an entry.
%%
%% Repositorio de arquivos .bib disponiveis on-line:
%% http://liinwww.ira.uka.de/bibliography/index.html
%% http://www.math.utah.edu/~beebe/bibliographies.html
%%
%% Se voc� tiver problemas com acentos nas entradas do BibTeX, coloque-os
%% entre { e }, como em Jo{�}o ou ainda Jo{\~a}o.

%---------------------------------------------------------
% A A A
%---------------------------------------------------------
@monography{SILVA2018,
   title = {{Detecção e contagem de plantas utilizando técnicas de inteligência artificial e machine learning}},
   author={Silva, Giovanni Cimolin da},
   language = {pt},
   url ={\url {https://repositorio.ufsc.br/handle/123456789/183462},Último acesso em Junho de 2019},
   year = {2018},
   school = {UNIVERSIDADE FEDERAL DE SANTA CATARINA},
   type={Graduação},
   }


@monography{SANTOS2013,
   title = {{Contagem Automatizada de Veículos utilizando segmentação estatística}},
   author={Santos, Daniel Felipe Silva},
   language = {pt},
   url ={\url {https://repositorio.unesp.br/bitstream/handle/11449/120988/000799913.pdf},Último acesso em Junho de 2019},
   year = {2013},
   school = {UNESP},
   }

@article{BANKE2012,
   title = {{Desenvolvimento de um Sistema para Contagem Automática de Células Sanguíneas Através de Visão Computacional}},
   author={Banke,Daniel and Stivanello, Mauricio Edgar and Jr, Leônidas João de Mello and Vargas, Saulo and Fedechen, Emerson André and Abatepaulo, Antonio R. R.},
   language = {pt},
   URL = {http://www.inf.furb.br/seminco/2012/slides/2012-09-04_21-15_artigo.pdf},
   year = {2012},
   month = {09},
   publisher = {FURB},
   }


@article{SILVA2012,
   title = {{Sistema de aquisição e processamento de imagens de ovitrampas para o combate a dengue}},
   journal = {{Revista Brasileira de Engenharia Bioméd.}},
   author={Silva, Maril\~A\textordmasculine Gomes Netto Monte da AND Rodrigues, Marco Aur\~A\copyrightlio Benedetti AND Araujo, Renato Evangelista de},
   ISSN = {1517-3151},
   language = {pt},
   URL = {http://www.scielo.br/scielo.php?script=sci_arttext&pid=S1517-31512012000400008&nrm=iso},
   volume = {28},
   year = {2012},
   month = {12},
   pages = {364 - 374},
   publisher = {scielo},
   crossref = {10.4322/rbeb.2012.043},
   }

 @MISC{coresRGB,
  key          = {coresRGB},
  author       = {Gustavo Furtado de Oliveira Alves},
  title        = {Entenda como funciona o \text{código} de cores RGB},
  year         = {2013},
  URL          = {\url{https://dicasdeprogramacao.com.br/entenda-como-funcionam-os-codigos-de-cores-rgb/}, Último acesso em Junho de 2019}}
  
   @MISC{confusio,
  key          = {confusio},
  author       = {Confúsio},
  title        = {Um imagem vale mais que mil palavras},
  year         = {2019},
  URL          = {\url{ https://www.significados.com.br/uma-imagem-vale-mais-que-mil-palavras/}, Último acesso em Agosto de 2019}}
  
 
  
   @MISC{coresHSV,
  key          = {coresHSV},
  author       = {Mathworks},
  title        = {O modelo de cores HSV},
  year         = {2012},
  URL          = {\url{https://www.mathworks.com/help/images/hsvcone.gif}, Último acesso em Junho de 2019}}

@BOOK{digitalImgProcess2010,
  key          = {digitalImgProcess2010},
  author       = {Rafael C. Gonzalez and Richard E. Woods},
  year         = 2009,
  title        = {Processamento digital de imagens},
  publisher    = {Pearson Prentice Hall},
  address      = {São Paulo}
}

@BOOK{pdi99,
  key          = {pdi99},
  author       = {Ogê Marques Filho and Hugo Vieira Neto},
  year         = 1999,
  title        = {Processamento digital de imagens},
  publisher    = {BRASPORT},
  address      = {Rio de Janeiro}
}

@BOOK{yang2007,
  key          = {yang2007},
  author       = {M.-H. YANG},
  year         = 2007,
  title        = {Object recognition},
  publisher    = {UCMERCED}

}
@MISC{rafael2013,
    key          = {rafael2013},
    author       = {Rafael Sanches Telles},
    title        = {{Desenvolvimento de um sistema de identificação de espécies utilizando Visão    	Computacional e aprendizagem automática}},
    year         = {2013},
    URL          = {\url{http://www.gpec.ucdb.br/pistori/orientacoes/monografias/rafael2013.pdf/}, Último acesso em Fevereiro de 2019}
}
  
@MISC{ImgDigital2001,
  key          = {ImgDigital2001},
  author       = {José Eustáquio Rangel de Queiroz and Herman Martins Gomes},
  title        = {{Introdução ao Processamento Digital de Imagens}},
  year         = {2001},
  URL          = {\url{http://www.dsc.ufcg.edu.br/~hmg/disciplinas/graduacao/vc-2014.1/Rita-Tutorial-PDI.pdf/}, Último acesso em Fevereiro de 2019}}

@MISC{imagemDigital2019,
  key          = {imagemDigital2019},
  author       = {Antonio G. Thomé},
  title        = {{Processamento de Imagens}},
  year         = {2004},
  URL          = {\url{http://hpc.ct.utfpr.edu.br/~charlie/docs/PID/PID_AULA_09.pdf}, Último acesso em Fevereiro de 2019}}
  
@MISC{dsAcademy2017,
  author       = {Data Science Academy},
  title        = {{O que é visão computacional?}},
  year         = {2017},
  URL          = {\url{http://datascienceacademy.com.br/blog/o-que-e-visao-computacional/}, Último acesso em Outubro de 2018}
  }
  
@MISC{rios2010,
  key          = {rios2010},
  author       = {Luiz Romário Santana Rios},
  title        = {visão computacional},
  year         = {2010},
  URL          = {\url{http://homes.dcc.ufba.br/~luizromario/Apresentacao de IA/Artigo (final).pdf }, Último acesso em Outubro de 2018}
  }

@MISC{psicohood2018,
  key          = {psicohood2018},
  author       = {Psico Hood},
  title        = {{Segredos dos Psicotécnicos}},
  year         = {2018},
  URL          = {\url{http://b3.pinger.pl/6c44dd536c69ec88b6fb5627fb397119/palografico_versao2.pdf/}, Último acesso em Novembro de 2018}}

@MISC{marcosjaime2013,
  key          = {marcosjaime2013},
  author       = {Marcos Jaime \text{Gonçalves}},
  title        = {Teste Palográfico},
  year         = {2013},
  URL          = {\url{https://marcos-jaime.blogspot.com/2013/02/teste-palografico-voltou-moda-dos.html/}, Último acesso em Novembro de 2018}}

@MISC{passetestepalografico2013,
  key          = {passetestepalografico2013},
  author       = {passetestepalografico},
  title        = {{Teste Palográfico}},
  year         = {2013},
  URL          = {\url{http://passetestepalografico.blogspot.com/}, Último acesso em Novembro de 2018}}

@MISC{dicio2018,
  key          = {dicio2018},
  author       = {dicio},
  title        = {{Personalidade}},
  year         = {2018},
  URL          = {\url{https://www.dicio.com.br/}, Último acesso em Novembro de 2018}}

@MISC{ibapnet2012,
  key          = {ibapnet2012},
  author       = {Fernanda Ottati},
  title        = {{Teste Palográfico}},
  year         = {2012},
  URL          = {\url{http://www.ibapnet.org.br/?cd=45&titulo=teste_palografico}, Último acesso em Novembro de 2018}}

@MISC{manualPsico2010,
  key          = {manualPsico2010},
  author       = {Robson},
  title        = {{Manual do psicotécnico}},
  year         = {2010},
  URL          = {\url{https://aderivaldo23.files.wordpress.com/2008/06/37527582-manual-do-psicotecnico-1.pdf}, Último acesso em Novembro de 2018}}

@MISC{psico-artigo,
  key          = {psico-artigo},
  author       = {Rodrigo Hipólito Roza and Tatiana de Cassia Nakano and Solange Muglia Wchsler a and Talita Fernanda da Silva},
  title        = {{Tecnologia no contexto educacional: Teste informatizado para avaliação de estilos de aprendizagem}},
  year         = {2018},
  URL          = {\url{https://revistas.pucsp.br/psicoeduca/article/view/39140/26513}, Último acesso em Junho de 2019}}

@MISC{skip-artigo,
  key          = {skip-artigo},
  author       = {Tábata Cardoso and Cristiano Esteves and Fábio Camilo da Silva and Emanuelle dos Santos Arsuffi and Luciano Franzim Neto},
  title        = {{Precisão do sistema de correção informatizada do teste palográfico}},
  year         = {2014},
  URL          = {\url{http://pepsic.bvsalud.org/pdf/bolpsi/v64n141/v64n141a07.pdf}, Último acesso em Junho de 2019}}
  
  @MISC{skip2018,
  key          = {skip2018},
  author       = {VetorEditora},
  title        = {{SKIP - Sistema de Correção Informatizada do Palográfico}},
  year         = {2018},
  URL          = {\url{http://www.vetoreditora.com.br/produto/1809004/skip-palografico-sistema-de-correcao-informatizada}, Último acesso em Outubro de 2018}}

@MISC{kenoby2017,
  key          = {kenoby2017},
  author       = {Kenoby},
  title        = {{Teste palográfico: entenda o que é e por que utilizá-lo}},
  year         = {2017},
  URL          = {\url{http://www.kenoby.com/blog/teste-palografico/}, Último acesso em Outubro de 2018}}


  


%---------------------------------------------------------
% W W W
%---------------------------------------------------------

%---------------------------------------------------------
% X X X
%---------------------------------------------------------

%---------------------------------------------------------
% Y Y Y
%---------------------------------------------------------

%---------------------------------------------------------
% Z Z Z
%---------------------------------------------------------

%%%%%%%%%%%%%%%%%%%%%%%%%%%%%%%%%%%%%%%%%%%%%%%%%%%%%%%%%%
%% Below is a description of all fields recognized by the standard
%% bibliography styles.  An entry can also contain other fields, which
%% are ignored by those styles.

%% address
%% Usually the address of the publisher or other type of institution.
%% For major publishing houses, van Leunen recommends omitting the
%% information entirely. For small publishers, on the other hand, you
%% can help the reader by giving the complete address.

%% annote
%% An annotation.  It is not used by the standard bibliography styles,
%% but may be used by others that produce an annotated bibliography.

%% author
%% The name(s) of the author(s),
%% in the format described in the \LaTeX\ book.

%% booktitle
%% Title of a book, part of which is being cited.  See the \LaTeX\
%% book for how to type titles.  For book entries, use the title field
%% instead.

%% chapter
%% A chapter (or section or whatever) number.

%% crossref
%% The database key of the entry being cross referenced.

%% edition
%% The edition of a book---for example, ``Second''.  This should be an
%% ordinal, and should have the first letter capitalized, as shown
%% here; the standard styles convert to lower case when necessary.

%% editor
%% Name(s) of editor(s), typed as indicated in the \LaTeX\ book.  If
%% there is also an author field, then the editor field gives the
%% editor of the book or collection in which the reference appears.

%% howpublished
%% How something strange has been published.  The first word should be
%% capitalized.

%% institution
%% The sponsoring institution of a technical report.

%% journal
%% A journal name.  Abbreviations are provided for many journals; see
%% the Local Guide.

%% key
%% Used for alphabetizing, cross referencing, and creating a label
%% when the ``author'' information (described in Section
%% odds-and-ends) is missing.  This field should not be confused with
%% the key that appears in the \cite command and at the beginning of
%% the database entry.

%% month
%% The month in which the work was published or, for an unpublished
%% work, in which it was written.  You should use the standard
%% three-letter abbreviation, as described in Appendix B.1.3 of the
%% \LaTeX\ book.

%% note
%% Any additional information that can help the reader.  The first
%% word should be capitalized.

%% number
%% The number of a journal, magazine, technical report, or of a work
%% in a series.  An issue of a journal or magazine is usually
%% identified by its volume and number; the organization that issues a
%% technical report usually gives it a number; and sometimes books are
%% given numbers in a named series.

%% organization
%% The organization that sponsors a conference or that publishes a
%% manual.

%% pages
%% One or more page numbers or range of numbers, such as 42--111 or
%% 7,41,73--97 or 43+ (the `+' in this last example indicates pages
%% following that don't form a simple range).  To make it easier to
%% maintain Scribe-compatible databases, the standard styles convert a
%% single dash (as in 7-33) to the double dash used in \TeX\ to denote
%% number ranges (as in 7--33}).

%% publisher
%% The publisher's name.

%% school
%% The name of the school where a thesis was written.

%% series
%% The name of a series or set of books.  When citing an entire book,
%% the the title field gives its title and an optional series field
%% gives the name of a series or multi-volume set in which the book is
%% published.

%% title
%% The work's title, typed as explained in the \LaTeX\ book.

%% type
%% The type of a technical report---for example, ``Research Note''.

%% volume
%% The volume of a journal or multivolume book.

%% year
%% The year of publication or, for an unpublished work, the year it
%% was written.  Generally it should consist of four numerals, such as
%% 1984, although the standard styles can handle any year whose last
%% four nonpunctuation characters are numerals, such as about 1984.
%%%%%%%%%%%%%%%%%%%%%%%%%%%%%%%%%%%%%%%%%%%%%%%%%%%%%%%%%%
